% This is my bib file with references
% Use this PDF Link to get new sources.
% http://web.mit.edu/rsi/www/pdfs/bibtex-format.pdf

%Technical Reports
@techreport{TR:1,
author = {BusinessNZ Energy Council},
title = {New Zealand Energy Scenarios - Navigating Energy Futures to 2050},
series = {Technical Report},
volume = {q},
publisher = {BusinessNZ Energy Council},
year = {2015}
}
@techreport{TR:2,
author = {BusinessNZ Energy Council},
title = {New Zealand Energy Scenarios - Navigating Energy Futures to 2060},
series = {Technical Report},
volume = {q},
publisher = {BusinessNZ Energy Council},
year = {2019}

}@techreport{TR:3,
author = {BP plc},
title = {BP Statistical Review of World Energy},
series = {Technical Report},
volume = {68},
publisher = {BP plc},
year = {2019}
}

}@techreport{TR:4,
author = {Deloitte US},
title = {2020 Renewable Energy Industry Outlook},
series = {Technical Report},
volume = {q},
publisher = {Deloitte US},
year = {2019}
}

@techreport{TR:5,
author = {Intergovernmental Panel on Climate Change},
title = {Global Warming of 1.5 C}},
series = {Technical Report},
volume = {q},
publisher = {Intergovernmental Panel on Climate Change},
year = {2019}
}

@techreport{TR:6,
author = {United Nations},
title = {Paris Agreement},
publisher = {United Nations},
year = {2015}
}

@techreport{TR:7,
author = {World Bank Group},
title = {State and Trends of Carbon Pricing 2019},
series = {Technical Report},
volume = {q},
publisher = {World Bank Group},
year = {2019}
}

@techreport{TR:8,
author = {World Energy Scenarios},
title = {World Energy Scenarios 2019},
series = {Technical Report},
volume = {q},
publisher = {World Energy Council},
year = {2019}
}

@techreport{TR:9,
author = {Connor McDowall},
title = {ENGSC 700AB Research Compendium},
series = {Global Optimisation Carbon Pricing Initiatives},
volume = {q},
publisher = {University of Auckland},
year = {2020}
}

@techreport{IEA_WEM,
author = {International Energy Agency},
title = {World Energy Model Documentation},
publisher = {International Energy Agency},
year = {2019}
}

# Website content
@unpublished{A:1,
author = {Joao Pedro Gouveia and Luís Dias and Patricia Fortes and Julia Seixas},
title = {TIMES PT: Integrated Energy System Modeling},
note = {Conference: IT4 Energy, At Lisbon},
year = {2012}
}
@unpublished{A:2,
author = {Chantel Beck and Sahar Rashidbeigi and Occo Roelofsen and Eveline Speelman},
title = {The Future is Now: How Oil and Gas Companies can Decarbonixe},
note = {McKinsey and Company: Oil and Gas Analysis},
year = {2020}
}

@phdthesis{A:3,
author = {T Sterner and G Kohlin},
title = {Pricing Carbon: The Challenges},
publisher = {University of Gothenburg},
year = {2015}
}

@unpublished{A:4,
author = {Chantel Beck and Sahar Rashidbeigi and Occo Roelofsen and Eveline Speelman},
title = {The Future is Now: How Oil and Gas Companies can Decarbonixe},
note = {McKinsey and Company: Oil and Gas Analysis},
year = {2020}
}
% Websites
@misc{W:1 ,
    author = {Ministry of Business Innovation and Employment},
    title = {Electricity Industry},
    howpublished = {Available at \url{https://www.mbie.govt.nz/building-and-energy/energy-and-natural-resources/energy-generation-and-m                 arkets/electricity-market/electricity-industry/} (2019/04/23)}
}
@misc{W:2 ,
    author = {International Electricity Agency},
    title = {Fuels and Technologies},
    howpublished = {Available at \url{https://www.iea.org/fuels-and-technologies} (2020/04/21)}
}
@misc{W:3 ,
    author = {Financial Times},
    title = {US Oil Price Back Below Zero After Historic Plunge},
    howpublished = {Available at \url{https://www.ft.com/content/26ea5ef9-0619-4e50-b605-58e36d3fc4d9} (2020/04/21)}
}
@misc{W:4 ,
    author = {United States Environmental Protection Agency},
    title = {Overview of Greenhouse Gas Emissions},
    howpublished = {Available at \url{https://www.epa.gov/ghgemissions/overview-greenhouse-gases} (2020/04/21)}
}

@misc{W:5 ,
    author = {The World Bank},
    title = {The World Bank Data},
    howpublished = {Available at \url{https://data.worldbank.org/indicator/NY.GDP.PCAP.KD} (2020/04/21)}
}
@misc{W:6 ,
    author = {The World Bank},
    title = {World Bank Indicators: Structure of Output},
    howpublished = {Available at \url{http://wdi.worldbank.org/table} (2020/04/23)}
}
@misc{W:7 ,
    author = {United Nations Framework Convention on Climate Change},
    title = {What is the Kyoto Protocol?},
    howpublished = {Available at \url{https://unfccc.int/kyoto_protocol} (2020/04/23)}
}

@misc{W:8 ,
    author = {United Nations Framework Convention on Climate Change},
    title = {What is the Paris Agreement?},
    howpublished = {Available at \url{https://unfccc.int/process-and-meetings/the-paris-agreement/what-is-the-paris-agreement} (2020/04/23)}
}
@misc{W:9 ,
    author = {OECD},
    title = {Emissions Trading Systems},
    howpublished = {Available at \url{https://www.oecd.org/environment/tools-evaluation/emissiontradingsystems.htm} (2020/04/23)}
}
@misc{W:10,
    author = {Bloomberg Green},
    title = {Renewable Investment},
    howpublished = {Available at \url{https://www.bloomberg.com/graphics/climate-change-data-green/investment.html} (2020/04/23)}
}
@misc{W:11,
    author = {GAMS},
    title = {An Introduction to GAMS},
    howpublished = {Available at \url{https://www.gams.com/products/introduction/} (2020/04/23)}
}
@misc{W:12,
    author = {ETSAP},
    title = {Overview of TIMES Modelling Tool},
    howpublished = {Available at \url{https://iea-etsap.org/index.php/etsap-tools/model-generators/times} (2020/04/26)}
}
@misc{W:13,
    author = {OSeMOSYS},
    title = {Open Source Energy Modelling System},
    howpublished = {Available at \url{http://www.osemosys.org/} (2020/08/02)}
}
http://pypl.github.io/PYPL.html
@misc{PYPL_Pop,
    author = {PYPL},
    title = {PYPL PopularitY of Programming Language},
    howpublished = {Available at \url{http://pypl.github.io/PYPL.html} (2020/08/06)}
}
@misc{Python_Features,
    author = {Medium},
    title = {Top 10 In-Demand programming languages to learn in 2020},
    howpublished = {Available at \url{https://towardsdatascience.com/top-10-in-demand-programming-languages-to-learn-in-2020-4462eb7d8d3e} (2020/08/06)}
}
https://www.gnu.org/software/glpk/
@misc{glpk,
    author = {GNU},
    title = {GLPK (GNU Linear Programming Kit)},
    howpublished = {Available at \url{https://www.gnu.org/software/glpk/} (2020/08/08)}
}
http://web.mit.edu/lpsolve_v5525/doc/MathProg.htm
@misc{GNU_Mathprog,
    author = {Massachusetts Institute of Technology},
    title = {GNU Mathprog},
    howpublished = {Available at \url{http://web.mit.edu/lpsolve_v5525/doc/MathProg.htm} (2020/08/08)}
}
# Articles
@article{J:1,
author = {Richard J. Millar and Jan S. Fuglestvedt and Pierre Friedlingstein and Joeri Rogelj and Michael J. Grubb and H. Damon Matthews and Ragnhild B. Skeie and Piers M. Forster and David J. Frame and Myles R. Allen},
title = {Emission budgets and pathways consistent with limiting warming to 1.5°C},
journal = {Nature GeoScience},
volume = {10},
year = {2017},
pages = {741--747}
}
@article{J:2,
author = {Colin D. Butler},
title = {Climate Change, Health and Existential Risks to Civilization: A Comprehensive Review (1989–2013)},
journal = {International Journal of Environmental Research and Public Health},
year = {2018},
}
@article{J:3,
author = {Chaido Dritsaki and Melina Dritsaki},
title = {Causal Relationship between Energy Consumption, Economic Growth and
CO2 Emissions: A Dynamic Panel Data Approach},
journal = {International Journal of Energy Economics and Policy},
volume = {4},
number = {2},
year = {2014},
pages = {125--136}
}
@article{J:4,
author = {David I. Stern},
title = {The Role of Energy in Economic Growth},
journal = {SSRN Electronic Journal},
year = {2010},
}
@article{J:5, 
title={The Paris Climate Change Agreement: A New Hope?}, 
volume={110}, 
number={2}, 
journal={American Journal of International Law}, 
publisher={Cambridge University Press}, 
author={Bodansky, Daniel}, 
year={2016}, 
pages={288–319}
}
@article{J:6, 
title={Combating Global Climate Change: Why a Carbon Tax Is a Better Response to Global Warming Than Cap and Trade}, 
volume={28}, 
number={3}, 
journal={Stanford Environmental Law Journal}, 
publisher={U of Michigan Public Law Working Paper No. 117}, 
author={Reven S. Avi-Yonah and David M.Uhlmann}, 
year={2009}
}
@article{J:7, 
title={Documentation for the MARKEL Family of Models},  
publisher={ETSAP}, 
author={Richard Loulou and Gary Goldstein and Ken Noble}, 
year={2004}
}
@article{J:8, 
title={Documentation for the TIMES Model - PART I 1–78},  
publisher={ETSAP}, 
author={Richard Loulou and Gary Goldstein and Uwe Remne and Amit Kanudia and Antti Lehtila}, 
year={2005}
}

@article{J:9,
title = {Linear and Non-linear Causality between CO2 Emissions and Economic Growth},
volume = {33},
number = {3},
journal = {The Energy Journal},
publisher = {International Association for Energy Economics},
author = {Marco R. Barassi and Nicola Spagnolo},
year = {2012},
pages = {23--38}
}
@article{J:10,
author = {Wilson, Greg and Bryan, Jennifer and Cranston, Karen and Kitzes, Justin and Nederbragt, Alexander and Teal, Tracy},
year = {2016},
month = {08},
pages = {},
title = {Good Enough Practices in Scientific Computing},
volume = {13},
journal = {PLOS Computational Biology},
doi = {10.1371/journal.pcbi.1005510}
}

# Software
@software{Google_Drive,
  author = {{Google LLC}},
  title = {Google Drive},
  url = {https://www.google.com/drive/},
  date = {2020-08-05},
}
# Software
@software{Git,
  author = {{Linus Torvalds}},
  title = {Git},
  version = {2.28.0},
  url = {https://git-scm.com/},
  date = {2020-08-05},
}
@software{Anaconda,
  author = {{Anaconda, Inc.}},
  title = {Anaconda},
  url = {https://www.anaconda.com/},
  version = {2020.02},
  date = {2020-08-08},
}
@software{Google_Drive,
  author = {{Google LLC}},
  title = {Google Drive},
  url = {https://www.google.com/drive/},
  version = {0.20.2},
  date = {2020-08-05},
}
@software{AMPL,
  author = {{AMPL Optimization Inc}},
  title = {AMPL},
  url = {https://ampl.com/},
  date = {2020-08-08},
}